@book{YDing,
author = {Yongwang Ding and Ramesh Harjani},
title = {High-Linearity CMOS RF Front-End Circuits},
date = {2006},
OPTeditor = {editor},                  %-------------------NOTES-------------------%  
OPTeditora = {editora},                %  The tag (here YDing) should be the       %
OPTeditorb = {editorb},                %  [1st letter of the authors 1st name] +   %
OPTeditorc = {editorc},                %  [his last name in camel case].           %
OPTtranslator = {translator},          %  With multiple authors (like here) only   %
OPTannotator = {annotator},            %  use the first one.                       %
OPTcommentator = {commentator},        %  (This is done in order to prevent the    %
OPTintroduction = {introduction},      %  same source appearing twice - should it  %
OPTforeword = {foreword},              %  happen, an error will be generated)      %
OPTafterword = {afterword},            %-------------------------------------------%
OPTsubtitle = {subtitle},              %  Using the auto generated entries         %
OPTtitleaddon = {titleaddon},          %  and filling in as much as possible       %
OPTmaintitle = {maintitle},            %  will make it easier to manage while      %   
OPTmainsubtitle = {mainsubtitle},      %  also avoiding a whole lot of errors.     %
OPTmaintitleaddon = {maintitleaddon},  %-------------------------------------------%
OPTlanguage = {language},              %  To compile the bibliography you need the %
OPToriglanguage = {origlanguage},      %  biber.exe file to be in your editors     %
OPTvolume = {volume},                  %  directory. In Windows 8/10 it might not  %
OPTpart = {part},                      %  let you do this, so you need to open     %
OPTedition = {edition},                %  command prompt with administrative       %---------------%
OPTvolumes = {volumes},                %  privileges and write something like:                     %
OPTseries = {series},                  %  C:\>move biber.exe "C:/Program Files (x86)/TeXstudio"    %
OPTnumber = {number},                  %  For mac setup should be relatively                       %
OPTnote = {note},                      %  straightforward, for more information    %---------------%
OPTpublisher = {publisher},            %  google: mac and biber.                   %
OPTlocation = {location},              %------------------------------------------ %
OPTisbn = {9780387238029},
OPTchapter = {chapter},
OPTpages = {pages},
OPTpagetotal = {pagetotal},
OPTaddendum = {addendum},
OPTpubstate = {pubstate},
OPTdoi = {doi},
OPTeprint = {eprint},
OPTeprintclass = {eprintclass},
OPTeprinttype = {eprinttype},
OPTurl = {url},
OPTurldate = {urldate},
}

%% Bibliography for OFDMA report %%

% Books %
@book{AMolisch,
  author  = {Andreas F. Molisch},
  title   = {Wireless Communications},
  date    = {2011},
  editor  = {John Wiley {\&} Sons},
  edition = {2nd Edition},
}

% Inproceedings
@inproceedings{EDahlman,
  author = {Dahlman, Erik and Ekstr√∂m, Hannes and Furuskar, Anders and Jading, Ylva and Karlsson, Jonas B. and Lundevall, Magnus and Parkvall, Stefan},
  title = {The 3G Long-Term Evolution - Radio Interface Concepts and Performance Evaluation.},
  booktitle = {VTC Spring},
  date = {2010-05-31},
  pages = {137-141},
  publisher = {IEEE},
  url = {http://dblp.uni-trier.de/db/conf/vtc/vtc2006s.html#DahlmanEFJKLP06},
  year = 2006
}


% Online %

@online{WikiOFDM,
  editor  = {Wikipedia},
  title   = {Orthogonal frequency-division multiplexing},
  year    = {2015},
  url     = {https://en.wikipedia.org/wiki/Orthogonal_frequency-division_multiplexing}
}

@online{WikiOFDMA,
  author  = {Contributors},
  editor  = {Wikipedia},
  title   = {Orthogonal frequency-division multiple access},
  date    = {2015-10-20},
  url     = {https://en.wikipedia.org/wiki/Orthogonal_frequency-division_multiple_access}
}

@online{WikiLTE,
  editor  = {Wikipedia},
  title   = {LTE(telecommunications)},
  year    = {2015},
  url     = {https://en.wikipedia.org/wiki/LTE_(telecommunication)}
}

@online{RadioElOFDM,
  editor  = {Radio Electronics},
  author  = {Ian Poole},
  title   = {OFDM Orthogonal Frequency Division Multiplexing Tutorial},
  year    = {2015},
  url     = {http://www.radio-electronics.com/info/rf-technology-design/ofdm/ofdm-basics-tutorial.php}
}

@online{RadioElLTE,
  editor  = {Radio Electronics},
  author  = {Ian Poole},
  title   = {LTE OFDM, OFDMA SC-FDMA {\&} Modulation},
  year    = {2015},
  url     = {http://www.radio-electronics.com/info/cellulartelecomms/lte-long-term-evolution/lte-ofdm-ofdma-scfdma.php}
}